@book{white2012hadoop,
  title={Hadoop: The definitive guide},
  author={White, Tom},
  year={2012},
  publisher={" O'Reilly Media, Inc."}
}
@article{ratti2006mobile,
  title={Mobile landscapes: using location data from cell phones for urban analysis},
  author={Ratti, Carlo and Frenchman, Dennis and Pulselli, Riccardo Maria and Williams, Sarah},
  journal={Environment and Planning B: Planning and Design},
  volume={33},
  number={5},
  pages={727--748},
  year={2006},
  publisher={SAGE Publications}
}
@article{chen2014big,
  title={Big data: a survey},
  author={Chen, Min and Mao, Shiwen and Liu, Yunhao},
  journal={Mobile Networks and Applications},
  volume={19},
  number={2},
  pages={171--209},
  year={2014},
  publisher={Springer}
}
@inproceedings{laurila2012mobile,
  title={The mobile data challenge: Big data for mobile computing research},
  author={Laurila, Juha K and Gatica-Perez, Daniel and Aad, Imad and Bornet, Olivier and Do, Trinh-Minh-Tri and Dousse, Olivier and Eberle, Julien and Miettinen, Markus and others},
  booktitle={Pervasive Computing},
  number={EPFL-CONF-192489},
  year={2012}
}
@inproceedings{agrawal2011big,
  title={Big data and cloud computing: current state and future opportunities},
  author={Agrawal, Divyakant and Das, Sudipto and El Abbadi, Amr},
  booktitle={Proceedings ofthe 14th International Conference on Extending Database Technology},
  pages={530--533},
  year={2011},
  organization={ACM}
}
@article{herrera2010evaluation,
  title={Evaluation of traffic data obtained via GPS-enabled mobile phones: The Mobile Century field experiment},
  author={Herrera, Juan C and Work, Daniel B and Herring, Ryan and Ban, Xuegang Jeff and Jacobson, Quinn and Bayen, Alexandre M},
  journal={Transportation Research Part C: Emerging Technologies},
  volume={18},
  number={4},
  pages={568--583},
  year={2010},
  publisher={Elsevier}
}
@article{rao2003evolution,
  title={Evolution of mobile location-based services},
  author={Rao, Bharat and Minakakis, Louis},
  journal={Communications of the ACM},
  volume={46},
  number={12},
  pages={61--65},
  year={2003},
  publisher={ACM}
}
@book{schiller2004location,
  title={Location-based services},
  author={Schiller, Jochen and Voisard, Agn{\`e}s},
  year={2004},
  publisher={Elsevier}
}
@inproceedings{barkhuus2003location,
  title={Location-Based Services for Mobile Telephony: a Study of Users' Privacy Concerns.},
  author={Barkhuus, Louise and Dey, Anind K},
  booktitle={Interact},
  volume={3},
  pages={702--712},
  year={2003},
  organization={Citeseer}
}
@article{dean2008mapreduce,
  title={MapReduce: simplified data processing on large clusters},
  author={Dean, Jeffrey and Ghemawat, Sanjay},
  journal={Communications of the ACM},
  volume={51},
  number={1},
  pages={107--113},
  year={2008},
  publisher={ACM}
}
@article{dhar2011challenges,
  title={Challenges and business models for mobile location-based services and advertising},
  author={Dhar, Subhankar and Varshney, Upkar},
  journal={Communications of the ACM},
  volume={54},
  number={5},
  pages={121--128},
  year={2011},
  publisher={ACM}
}
@inproceedings{gruteser2003anonymous,
  title={Anonymous usage of location-based services through spatial and temporal cloaking},
  author={Gruteser, Marco and Grunwald, Dirk},
  booktitle={Proceedings of the 1st international conference on Mobile systems, applications and services},
  pages={31--42},
  year={2003},
  organization={ACM}
}
@inproceedings{tsalgatidou2003mobile,
  title={Mobile E-Commerce and Location-Based Services: Technology and Requirements.},
  author={Tsalgatidou, Aphrodite and Veijalainen, Jari and Markkula, Jouni and Katasonov, Artem and Hadjiefthymiades, Stathes},
  booktitle={ScanGIS},
  pages={1--14},
  year={2003},
  organization={Citeseer}
}
@inproceedings{bravo2004advanced,
  title={Advanced positioning and location based services in 4G mobile-IP radio access networks},
  author={Bravo, A Montilla and Moreno, Jos{\'e} Ignacio and Soto, Ignacio},
  booktitle={Personal, Indoor and Mobile Radio Communications, 2004. PIMRC 2004. 15th IEEE International Symposium on},
  volume={2},
  pages={1085--1089},
  year={2004},
  organization={IEEE}
}
@inproceedings{chow2006peer,
  title={A peer-to-peer spatial cloaking algorithm for anonymous location-based service},
  author={Chow, Chi-Yin and Mokbel, Mohamed F and Liu, Xuan},
  booktitle={Proceedings of the 14th annual ACM international symposium on Advances in geographic information systems},
  pages={171--178},
  year={2006},
  organization={ACM}
}
@inproceedings{borthakur2011apache,
  title={Apache Hadoop goes realtime at Facebook},
  author={Borthakur, Dhruba and Gray, Jonathan and Sarma, Joydeep Sen and Muthukkaruppan, Kannan and Spiegelberg, Nicolas and Kuang, Hairong and Ranganathan, Karthik and Molkov, Dmytro and Menon, Aravind and Rash, Samuel and others},
  booktitle={Proceedings of the 2011 ACM SIGMOD International Conference on Management of data},
  pages={1071--1080},
  year={2011},
  organization={ACM}
}
@article{manyika2011big,
  title={Big data: The next frontier for innovation, competition, and productivity},
  author={Manyika, James and Chui, Michael and Brown, Brad and Bughin, Jacques and Dobbs, Richard and Roxburgh, Charles and Byers, Angela H},
  year={2011}
}
@article{van2005linking,
  title={Linking perceived value and loyalty in location-based mobile services},
  author={van Riel, Allard CR and Pura, Minna},
  journal={Managing Service Quality: An International Journal},
  volume={15},
  number={6},
  pages={509--538},
  year={2005},
  publisher={Emerald Group Publishing Limited}
}
@inproceedings{shvachko2010hadoop,
  title={The hadoop distributed file system},
  author={Shvachko, Konstantin and Kuang, Hairong and Radia, Sanjay and Chansler, Robert},
  booktitle={2010 IEEE 26th symposium on mass storage systems and technologies (MSST)},
  pages={1--10},
  year={2010},
  organization={IEEE}
}
@article{mehtahadoop,
  title={Hadoop Ecosystem: An Introduction},
  author={Mehta, Sneha and Mehta, Viral}
}

@misc{apachehadoop,
  title = {{Apache\texttrademark Hadoop}},
  howpublished = "\url{http://hadoop.apache.org}",
}

